<?xml version="1.0" encoding="UTF-8"?><collection xmlns="http://www.loc.gov/MARC21/slim"><record><leader>00429nam--2200169-i-4500</leader><controlfield tag="001">000033182</controlfield><controlfield tag="002">20161230</controlfield><controlfield tag="005">20170107014312</controlfield><controlfield tag="008">060222s1000------------r-----000-0-eng-d</controlfield><datafield ind1=" " ind2=" " tag="080"><subfield code="a">543.423</subfield></datafield><datafield ind1=" " ind2=" " tag="100"><subfield code="a">Mika, J©đzsef</subfield></datafield><datafield ind1=" " ind2=" " tag="245"><subfield code="a">Analytical emission spectroscopy. Fundamentals</subfield></datafield><datafield ind1=" " ind2=" " tag="260"><subfield code="a">Budapest</subfield><subfield code="b">Akad©♭miai Kiad©đ</subfield><subfield code="c">1973</subfield></datafield><datafield ind1=" " ind2=" " tag="300"><subfield code="a">529 p</subfield></datafield><datafield ind1=" " ind2=" " tag="700"><subfield code="a">T©œr©œk, Tibor</subfield></datafield><datafield ind1=" " ind2=" " tag="852"><subfield code="a">40219</subfield></datafield><datafield ind1=" " ind2=" " tag="CAT"><subfield code="a">SYS</subfield><subfield code="c">20170107</subfield><subfield code="h">014312</subfield></datafield></record></collection>